@book{gujarati,
    author        = {Damodar Gujarati},
    title         = {Econometria Básica},
    publisher     = {Mc Graw Hill},
    year          = {2011},
    edition       = {5}
}

@book{freixas,
    author        =  {Xavier Freixas and Jean-Charles Rochet},
    address       =  {},
    edition       =  {2},
    pages         =  {},
    publisher     =  {MIT Press Books},
    title         =  {Microeconomics of Banking},
    year          =  {2008}
}

@article{oreiro,
    title         = {{Determinantes macroeconômicos do spread bancário no Brasil: teoria e evidência recente}},
    journal       = {{Economia Aplicada}},
    author        = {Oreiro, José Luís da Costa and Paula, Luiz Fernando de and Silva, Guilherme Jonas Costa da and Ono, Fábio Hideki},
    ISSN          = {1413-8050},
    language      = {pt},
    url           = {http://www.scielo.br/scielo.php?script=sci_arttext&pid=S1413-80502006000400007&nrm=iso},
    % urlaccessdate = {16 jun. 2019},
    volume        = {10},
    year          = {2006},
    month         = {12},
    pages         = {609 - 634},
    publisher     = {scielo}
}

@article{hoesaunders,
    title         = {The determinants of bank interest margins: theory and empirical evidence},
    journal       = {Journal of Financial and Quantitative Analysis},
    author        = {Ho, T. S. Y. and Saunders, A.},
    year          = {1981},
    pages         = {581-600},
    volume        = {16}
}

@article{maudos,
    author        = {Maudos, Joaquin and Fernández de Guevara, Juan},
    year          = {2004},
    month         = {02},
    pages         = {2259-2281},
    title         = {Factors Explaining the Interest Margin in the Banking Sectors of the European Union},
    volume        = {28},
    journal       = {Journal of Banking \& Finance},
    doi           = {10.1016/j.jbankfin.2003.09.004}
}

@article{klein,
    author        = {Klein, M. A.},
    year          = {1971},
    month         = {},
    pages         = {205-218},
    title         = {A theory of banking firm},
    volume        = {3},
    journal       = {Journal of Money, Credit and Banking}
}

@article{afanasieff02,
    author        = {Afanasieff, T.S. and Lhacer, P.M. and Nakane, M.I.},
    year          = {2002},
    ISSN          = {1518-3548},
    month         = {8},
    pages         = {205-218},
    title         = {The Determinants of Bank Interest Spread in Brazil},
    volume        = {46},
    journal       = {Working Paper Series},
    publisher     = {Banco Central do Brasil}
}

@article{bignotto06,
    author        = {Bignotto, Fernando G. and Rodrigues, Eduardo Augusto de Souza},
    year          = {2006},
    month         = {7},
    pages         = {1-31},
    title         = {Fatores de Risco e o Spread bancário no Brasil},
    volume        = {110},
    journal       = {Trabalhos para Discussão},
    publisher     = {Banco Central do Brasil}
}

@article{nakane02,
    author        = {Sério Mikio Koyama and Márcio I. Nakane},
    year          = {2002},
    ISSN          = {1519-7212},
    month         = {4},
    pages         = {1-14},
    title         = {Os determinantes do Spread Bancário no Brasil},
    volume        = {19},
    journal       = {Notas Técnicas do Banco Central do Brasil},
    publisher     = {Banco Central do Brasil}
}

@article{almeida15,
    title         = {{Determinants of the Banking Spread in the Brazilian Economy: The Role of Micro and Macroeconomic Factors}},
    journal       = {{International Review of Economics and Finance}},
    author        = {Almeida, F.D. and Divino, J.A.},
    year          = {2015}
}

@article{oliveira2007,
    title         = {{O componente “custo de oportunidade” do spread bancário  no Brasil: uma abordagem pós-keynesiana}},
    journal       = {{Economia e Sociedade}},
    author        = {Oliveira, Giuliano Contento and Carvalho, Carlos Eduardo},
    year          = {2007},
    month         = {12},
    volume        = {16},
    pages         = {371-404}
}

@incollection{leal07,
    author        = "Rodrigo Mendes Leal",
    title         = "Estrutura e Determinantes do Spread Bancário no Brasil após 1994: uma ANálise da Literatura Empírica",
    editor        = "Elsevier",
    booktitle     = "Sistema Financeiro: Uma Análise do setor bancário",
    address       = "Rio de Janeiro",
    publisher     = "Adriana Amado et. al",
    year          = 2007,
    pages         = "221-254",
    chapter       = 10
}

@misc{rocha09,
    author        = {Felipe Rocha Medeiros},
    title         = "{Um Modelo de determinantes macroeconômicos do spread bancário aplicado aos grandes bancos brasileiros}",
    note          = {Monografia (Bacharel em Ciências Econômicas), Universidade de Brasília (UnB), Brasília, Brasil},
    year          = {2009}
}

@article{reb2017,
    author        = {{Banco Central do Brasil}},
    address       = {Brasília},
    title         = {Relatório de Economia Bancária},
    year          = {2017},
    url           = {https://www.bcb.gov.br/pec/depep/spread/REB_2017.pdf},
    % urlaccessdate = {18 jun. 2019}
}

@article{reb2018,
    author        = {{Banco Central do Brasil}},
    address       = {Brasília},
    title         = {Relatório de Economia Bancária},
    year          = {2018},
    url           = {https://www.bcb.gov.br/content/publicacoes/relatorioeconomiabancaria/reb_2018.pdf},
    % urlaccessdate = {18 jun. 2019}
}

@article{manhica12,
    title         = {O nível da taxa básica de juros e o spread bancário no Brasil: uma análise de dados em painel},
    journal       = {Texto para discussão},
    author        = {Félix Antônio Manhi{\c{C}}a and Caroline Teixeira Jorge},
    ISSN          = {1415 - 4765},
    url           = {http://repositorio.ipea.gov.br/bitstream/11058/1252/1/TD_1710.pdf},
    % urlaccessdate = {16 jun. 2019},
    volume        = {1710},
    year          = {2012},
    month         = {2},
    pages         = {},
    publisher     = {IPEA}
}

@article{valor1,
    title         = {Banco Central quer ver queda mais rápida dos juros bancários},
    journal       = {Valor Econômico},
    author        = {Edna Sim{\~{a}}o and Eduardo Campos},
    url           = {https://www.valor.com.br/financas/5442475/banco-central-quer-ver-queda-mais-rapida-dos-juros-bancarios},
    % urlaccessdate = {16 jun. 2019},
    year          = {2018},
    month         = {4}
}

@article{valor2,
    title         = {Concentração dificulta queda mais forte do spread bancário},
    journal       = {Valor Econômico},
    author        = {Vinicius Pinheiro and Alessandra Bellotto},
    url           = {https://www.valor.com.br/financas/5440949/concentracao-dificulta-queda-mais-forte-do-spread-bancario},
    % urlaccessdate = {16 jun. 2019},
    year          = {2018},
    month         = {4}
}

@book{fuller,
    title         = {Introduction to Statistical Time Series (Wiley Series in Probability and Statistics)},
    author        = {Wayne A. Fuller},
    publisher     = {},
    isbn          = {0471552399,9780471552390},
    year          = {1995},
    series        = {},
    edition       = {2°},
    volume        = {},
    url           = {http://gen.lib.rus.ec/book/index.php?md5=C2A92CC33337FC182A38D91FD8C82638}
}

@mastersthesis{gustavo,
    title         = {Causalidade das variáveis macroeconômicas sobre o Ibovespa},
    author        = {Grôppo, Gustavo de Souza},
    year          = {2004},
    url           = {http://www.teses.usp.br/teses/disponiveis/11/11132/tde-06012005-165535/en.php},
    % urlaccessdate = {05 out. 2016},
    howpublished  = {Dissertação (Mestrado em Economia Aplicada)},
    school        = {Escola Superior de Agricultura Luiz de Queiroz, University of São Paulo},
    doi           = {10.11606/D.11.2004.tde-06012005-165535},
    address       = {Estado de São Paulo},
}

@article{coint1,
    ISSN          = {01956574, 19449089},
    url           = {http://www.jstor.org/stable/41322853},
    author        = {David F. Hendry and Katarina Juselius},
    journal       = {The Energy Journal},
    number        = {1},
    pages         = {1--42},
    publisher     = {International Association for Energy Economics},
    title         = {Explaining Cointegration Analysis: Part 1},
    volume        = {21},
    year          = {2000}
}

@article{coint2,
    author        = {Juselius, Katarina and Hendry, David},
    year          = {2000},
    month         = {01},
    pages         = {},
    title         = {Explaining Cointegration Analysis: Part II},
    volume        = {22},
    journal       = {University of Copenhagen. Department of Economics, Discussion Papers},
    doi           = {10.2307/41322908}
}

@book{lutkepool,
    doi           = {10.1007/978-3-540-27752-1},
    year          = 2005,
    publisher     = {Springer Berlin Heidelberg},
    author        = {Helmut L\"{u}tkepohl},
    title         = {New Introduction to Multiple Time Series Analysis}
}


@article{engle-granger,
    ISSN          = {00129682, 14680262},
    url           = {http://www.jstor.org/stable/1913236},
    author        = {Robert F. Engle and C. W. J. Granger},
    journal       = {Econometrica},
    number        = {2},
    pages         = {251--276},
    publisher     = {[Wiley, Econometric Society]},
    title         = {Co-Integration and Error Correction: Representation, Estimation, and Testing},
    volume        = {55},
    year          = {1987}
}

@inproceedings{statsmodels,
  title     = {statsmodels: Econometric and statistical modeling with python},
  author    = {Seabold, Skipper and Perktold, Josef},
  booktitle = {9th Python in Science Conference},
  year      = {2010},
}

@thesis{chaim,
    author       = {Pedro Luiz Paulino Chaim},
    title        = {Determinantes macroeconômicos do spread bancário brasileiro: uma abordagem autorregressiva},
    type         = {Monografia: Faculdade de Economia e Administração},
    location     = {São Paulo},
    institution  = {Insper},
    year         = {2013}
}

@incollection{dickey94,
	doi = {10.1007/978-1-349-23529-2_2},
	url = {https://doi.org/10.1007%2F978-1-349-23529-2_2},
	year = 1994,
	publisher = {Palgrave Macmillan {UK}},
	pages = {9--45},
	author = {David A. Dickey and Dennis W. Jansen and Daniel L. Thornton},
	title = {A Primer on Cointegration with an Application to Money and Income},
	booktitle = {Cointegration}
}

@article{pp,
	doi = {10.1093/biomet/75.2.335},
	year = 1988,
	publisher = {Oxford University Press ({OUP})},
	volume = {75},
	number = {2},
	pages = {335--346},
	author = {Peter C. B. Phillips and Pierre Perron},
	title = {Testing for a unit root in time series regression},
	journal = {Biometrika}
}

@article{kpss,
	doi = {10.1016/0304-4076(92)90104-y},
	year = 1992,
	month = {10},
	publisher = {Elsevier {BV}},
	volume = {54},
	number = {1-3},
	pages = {159--178},
	author = {Denis Kwiatkowski and Peter C.B. Phillips and Peter Schmidt and Yongcheol Shin},
	title = {Testing the null hypothesis of stationarity against the alternative of a unit root},
	journal = {Journal of Econometrics}
}
