@book{freixas,
author={Xavier Freixas AND Jean-Charles Rochet},
address={},
edition={2},
pages={},
publisher={MIT Press Books},
title={Microeconomics of Banking},
year={2008}
}

@article{oreiro,
title = {{Determinantes macroeconômicos do spread bancário no Brasil: teoria e evidência recente}},
journal = {{Economia Aplicada}},
author={Oreiro, José Luís da Costa AND Paula, Luiz Fernando de AND Silva, Guilherme Jonas Costa da AND Ono, Fábio Hideki},
ISSN = {1413-8050},
language = {pt},
URL = {http://www.scielo.br/scielo.php?script=sci_arttext&pid=S1413-80502006000400007&nrm=iso},
volume = {10},
year = {2006},
month = {12},
pages = {609 - 634},
publisher = {scielo}
}

@article{hoesaunders,
title = {The determinants of bank interest margins: theory and empirical evidence},
journal = {Journal of Financial and Quantitative Analysis},
author = {Ho, T. S. Y. AND Saunders, A.},
year = {1981},
pages = {581-600},
volume = {16}
}

@article{maudos,
author = {Maudos, Joaquin AND Fernández de Guevara, Juan},
year = {2004},
month = {02},
pages = {2259-2281},
title = {Factors Explaining the Interest Margin in the Banking Sectors of the European Union},
volume = {28},
journal = {Journal of Banking \& Finance},
doi = {10.1016/j.jbankfin.2003.09.004}
}

@article{klein,
author = {Klein, M. A.},
year = {1971},
month = {},
pages = {205-218},
title = {A theory of banking firm},
volume = {3},
journal = {Journal of Money, Credit and Banking}
}

@article{afanasieff02,
author = {Afanasieff, T.S. AND Lhacer, P.M. AND Nakane, M.I},
year = {2002},
month = {Agosto},
pages = {205-218},
title = {The Determinantes of Bank Interest Spread in Brazil},
volume = {46},
journal = {Working Paper Series},
publisher = {Banco Central do Brasil}
}

@article{bignotto06,
author = {Bignotto, Fernando G. AND Rodrigues, Eduardo Augusto de Souza},
year = {2006},
month = {Julho},
pages = {1-31},
title = {Fatores de Risco e o Spread bancário no Brasil},
volume = {110},
journal = {Trabalhos para Discussão},
publisher = {Banco Central do Brasil}
}

@article{nakane02,
author = {Koyama, Sérgio Mikio AND Nakane, Márcio I.},
year = {2002},
month = {Abril},
pages = {1-14},
title = {Os determinantes do Spread Bancário no Brasil},
volume = {19},
journal = {Notas Tecnicas do Banco Central do Brasil},
publisher = {Banco Central do Brasil}
}
